<?xml version="1.0" encoding="UTF-8"?>
<marc:record xmlns:marc="http://www.loc.gov/MARC21/slim" xmlns:xsi="http://www.w3.org/2001/XMLSchema-instance" xsi:schemaLocation="http://www.loc.gov/MARC21/slim http://www.loc.gov/standards/marcxml/schema/MARC21slim.xsd">
<marc:leader>00552nkm a2200193 a 45 0</marc:leader>
<marc:controlfield tag="001">931001</marc:controlfield>
<marc:controlfield tag="003">NL-AMISG</marc:controlfield>
<marc:controlfield tag="005">19961206142550.0</marc:controlfield>
<marc:controlfield tag="008">199612s1984uuuu||||||||||||||||||||||| d</marc:controlfield>
<marc:datafield ind1="" ind2="" tag="035">
	<marc:subfield code="a">(IISG)IISGb10745913</marc:subfield>
</marc:datafield>
<marc:datafield ind1="" ind2="" tag="040">
	<marc:subfield code="a">NL-AmISG</marc:subfield>
</marc:datafield>
<marc:datafield ind1="1" ind2=" " tag="100">
	<marc:subfield code="0">(NL-AMISG)1521</marc:subfield>
	<marc:subfield code="a">Abramov, Mark,</marc:subfield>
	<marc:subfield code="b">c</marc:subfield>
	<marc:subfield code="d">e</marc:subfield>
	<marc:subfield code="draughtsman">f</marc:subfield>
	<marc:subfield code="k">l</marc:subfield>
	<marc:subfield code="m">n</marc:subfield>
	<marc:subfield code="o">p</marc:subfield>
	<marc:subfield code="q">r</marc:subfield>
	<marc:subfield code="s">t</marc:subfield>
	<marc:subfield code="v">x</marc:subfield>
	<marc:subfield code="y">z</marc:subfield>
</marc:datafield>
<marc:datafield ind1="1" ind2="0" tag="245">
	<marc:subfield code="a">SŠA - Imperija Zla.</marc:subfield>
	<marc:subfield code="k">Visual document.</marc:subfield>
</marc:datafield>
<marc:datafield ind1=" " ind2=" " tag="260">
	<marc:subfield code="c">1984</marc:subfield>
	<marc:subfield code="e">Moskva :</marc:subfield>
	<marc:subfield code="f">Plakat.</marc:subfield>
</marc:datafield>
<marc:datafield ind1=" " ind2=" " tag="300">
	<marc:subfield code="g">43x55.5 cm.</marc:subfield>
</marc:datafield>
<marc:datafield ind1=" " ind2=" " tag="500">
	<marc:subfield code="a">Cover of BG D23/808-813.</marc:subfield>
</marc:datafield>
<marc:datafield ind1=" " ind2=" " tag="542">
	<marc:subfield code="m">closed</marc:subfield>
</marc:datafield>
<marc:datafield ind1=" " ind2="4" tag="648">
	<marc:subfield code="a">1984-1984.</marc:subfield>
	<marc:subfield code="0">(NL-AMISG)369875</marc:subfield>
</marc:datafield>
<marc:datafield ind1=" " ind2="4" tag="650">
	<marc:subfield code="a">Nuclear weapons.</marc:subfield>
	<marc:subfield code="0">(NL-AMISG)318765</marc:subfield>
</marc:datafield>
<marc:datafield ind1=" " ind2="4" tag="651">
	<marc:subfield code="a">United States of America.</marc:subfield>
	<marc:subfield code="0">(NL-AMISG)326538</marc:subfield>
</marc:datafield>
<marc:datafield ind1=" " ind2="4" tag="655">
	<marc:subfield code="a">Print.</marc:subfield>
	<marc:subfield code="0">(NL-AMISG)262665</marc:subfield>
</marc:datafield>
<marc:datafield ind1=" " ind2=" " tag="695">
	<marc:subfield code="a">USA</marc:subfield>
	<marc:subfield code="e">United States of America.</marc:subfield>
</marc:datafield>
<marc:datafield ind1="4" ind2=" " tag="852">
	<marc:subfield code="a">IISG</marc:subfield>
	<marc:subfield code="b">IISG</marc:subfield>
	<marc:subfield code="c">IISG</marc:subfield>
	<marc:subfield code="j">BG D23/807</marc:subfield>
	<marc:subfield code="n">Available</marc:subfield>
	<marc:subfield code="p">10622/30051000745346</marc:subfield>
</marc:datafield>
<marc:datafield ind1=" " ind2=" " tag="901">
	<marc:subfield code="a">931001</marc:subfield>
	<marc:subfield code="b">Unknown</marc:subfield>
	<marc:subfield code="c">931001</marc:subfield>
	<marc:subfield code="t">biblio</marc:subfield>
</marc:datafield>
<marc:datafield ind1=" " ind2=" " tag="902">
	<marc:subfield code="a">10622/0E8B2AA0-A616-419E-A5BD-A74900ECF50B</marc:subfield>
</marc:datafield>
</marc:record>
